<?xml version="1.0" encoding="UTF-8"?><collection xmlns="http://www.loc.gov/MARC21/slim"><record><leader>00534nam--2200181-i-4500</leader><controlfield tag="001">000010681</controlfield><controlfield tag="002">20161230</controlfield><controlfield tag="005">20161230201028</controlfield><controlfield tag="008">060222s1000------------r-----000-0-fre-d</controlfield><datafield ind1=" " ind2=" " tag="040"><subfield code="a">IFIN-HH</subfield></datafield><datafield ind1=" " ind2=" " tag="041"><subfield code="a">fre</subfield></datafield><datafield ind1=" " ind2=" " tag="080"><subfield code="a">015:539.144.3:539.17</subfield></datafield><datafield ind1="1" ind2=" " tag="100"><subfield code="a">Dupont, Yves</subfield></datafield><datafield ind1="1" ind2="0" tag="245"><subfield code="a">Etude des noyaux de 42ca - 42k et 46 ca - 46k parreactions de transfer</subfield><subfield code="b">These</subfield><subfield code="c">Yves dupont</subfield></datafield><datafield ind1=" " ind2=" " tag="260"><subfield code="a">Grenoble</subfield><subfield code="b">Universite Scientifique Et Medicale De Grenoble</subfield><subfield code="c">1971</subfield></datafield><datafield ind1=" " ind2=" " tag="300"><subfield code="a">96P</subfield></datafield><datafield ind1=" " ind2=" " tag="852"><subfield code="a">38253</subfield><subfield code="c">539.14</subfield></datafield><datafield ind1=" " ind2=" " tag="CAT"><subfield code="a">Sys</subfield><subfield code="c">20120329</subfield><subfield code="h">091317</subfield></datafield></record></collection>